@misc{covidddata,
  author = {New York Times},
  title = {Covid data},
  year = {2020},
  publisher = {GitHub},
  journal = {GitHub repository},
  howpublished = {\url{https://github.com/nytimes/covid-19-data}}
}
@misc{react,
  author = {Facebook},
  title = {A declarative, efficient, and flexible JavaScript library for building user interfaces},
  year = {2020},
  publisher = {GitHub},
  journal = {GitHub repository},
  howpublished = {\url{https://github.com/facebook/react}}
}
@misc{clojure,
  author = {Clojure Foundation},
  title = {The Clojure programming language},
  year = {2020},
  publisher = {GitHub},
  journal = {GitHub repository},
  howpublished = {\url{https://github.com/clojure/clojure}}
}
@article{canadahealth,
    author = {Canada Public Health},
    title = {Coronovirus Disease},
    howpublished = {\url{https://www.canada.ca/en/public-health/services/diseases/coronavirus-disease-covid-19.html}}
}
